%
% Only include references not covered by crypto.bib et al.
% 

@article{DCC:ACFFP13,
  Author       = {Martin R.\ Albrecht and Carlos Cid and Jean-Charles Faug{\`e}re and Robert Fitzpatrick and Ludovic Perret},
  title        = {On the Complexity of the {BKW} Algorithm on {LWE}},
  journal      = {Designs, Codes and Cryptography},
  year         = 2013,
  pages        = {1-30},
  doi          = {10.1007/s10623-013-9864-x},
  issn         = {0925-1022},
  url          = {http://dx.doi.org/10.1007/s10623-013-9864-x},
  publisher    = {Springer Verlag},
}


@misc{ICISC:Ste13,
  author       = {Damien Stehlé},
  title        = {An overview of lattice reduction algorithms},
  howpublished = {Invited talk at ICISC},
  year         = 2013,
}

@incollection{PQCBook:MicReg09,
  author       = {Daniele Micciancio and Oded Regev},
  title        = {Lattice-based Cryptography},
  booktitle    = {Post-Quantum Cryptography},
  pages        = {147-191},
  address      = {Berlin, Heidelberg, New York},
  crossref     = {PQCBook},
}

@collection{PQCBook,
  editor       = {Bernstein, Daniel J. and Buchmann, Johannes and Dahmen, Erik},
  title        = {Post-Quantum Cryptography},
  publisher    = {Springer},
  year         = 2009,
}

@inproceedings{STACS:Babai85,
  author       = {L{\'a}szl{\'o} Babai},
  title        = {On Lov{\'a}sz' Lattice Reduction and the Nearest Lattice Point Problem (Shortened Version)},
  booktitle    = {STACS '86},
  year         = 1985,
  editor       = {Kurt Mehlhorn},
  volume       = 82,
  series       = {Lecture Notes in Computer Science},
  pages        = {13-20},
  publisher    = {Springer},
  ee           = {http://dx.doi.org/10.1007/BFb0023990},
  isbn         = {3-540-13912-5},
}

@book{ACBook:Jou09,
  author       = {Joux, Antoine},
  title        = {Algorithmic Cryptanalysis},
  publisher    = {Chapman \& Hall/CRC},
  year         = 2009,
  edition      = {1st},
}

@article{LLL,
  author       = {Lenstra, A.K. and Lenstra, H.W., Jr. and Lovász, L.},
  title        = {Factoring polynomials with rational coefficients},
  journal      = {Mathematische Annalen},
  year         = 1982,
  volume       = 261,
  number       = 4,
  pages        = {515-534},
  doi          = {10.1007/BF01457454},
  publisher    = {Springer},
}

@misc{NTL,
  author       = {V. Shoup},
  title        = {Number Theory Library 5.5.2 (NTL) for C++},
  howpublished = {\url{http://www.shoup.net/ntl/}},
}


@inproceedings{IWCC:HanPujSte11,
  author       = {Guillaume Hanrot and Xavier Pujol and Damien Stehlé},
  title        = {Algorithms for the Shortest and Closest Lattice Vector Problems},
  booktitle    = {Coding and Cryptology},
  year         = 2011,
  volume       = 6639,
  series       = {Lecture Notes in Computer Science},
  pages        = {159-190},
  publisher    = {Springer},
}

@phdthesis{PhD:Chen13,
  author       = {Yuanmi Chen},
  title        = {Réduction de réseau et sécurité concrète du chiffrement complètement homomorphe},
  school       = {Paris 7},
  year         = 2013,
}

@misc{ACFFP14,
  author       = {Martin R. Albrecht and Carlos Cid and Jean-Charles Faugère and Robert Fitzpatrick and Ludovic Perret},
  title        = {Algebraic Algorithms for {LWE} Problems},
  howpublished = {to appear.},
  year         = 2014,
}

@article{Kannan87,
  author       = {Kannan, Ravi},
  title        = {Minkowski's Convex Body Theorem and Integer Programming},
  journal      = {Math. Oper. Res.},
  year         = 1987,
  volume       = 12,
  number       = 3,
  pages        = {415-440},
  month        = aug,
  issue_date   = {August 1, 1987},
  issn         = {0364-765X},
  numpages     = 26,
  url          = {http://dx.doi.org/10.1287/moor.12.3.415},
  doi          = {10.1287/moor.12.3.415},
  acmid        = 35580,
  publisher    = {INFORMS},
  address      = {Institute for Operations Research and the Management Sciences (INFORMS), Linthicum, Maryland, USA},
}

@incollection{DBLP:series/isc/Nguyen10,
  author    = {Phong Q. Nguyen},
  title     = {Hermite's Constant and Lattice Algorithms},
  booktitle = {The LLL Algorithm},
  year      = {2010},
  pages     = {19-69},
  ee        = {http://dx.doi.org/10.1007/978-3-642-02295-1_2},
  crossref  = {DBLP:series/isc/364202294},
  bibsource = {DBLP, http://dblp.uni-trier.de}
}
@book{DBLP:series/isc/364202294,
  editor       = {Phong Q. Nguyen and Brigitte Vall{\'e}e},
  title        = {The LLL Algorithm - Survey and Applications},
  publisher    = {Springer},
  year         = 2010,
  series       = {Information Security and Cryptography},
  isbn         = {978-3-642-02294-4},
  ee           = {http://dx.doi.org/10.1007/978-3-642-02295-1},
  bibsource    = {DBLP, http://dblp.uni-trier.de},
}

@book{Lovasz86,
  author       = {Lov{\'a}sz, L{\'a}szl{\'o}},
  title        = {An algorithmic theory of numbers, graphs and convexity},
  publisher    = {Philadelphia, Pa. Society for Industrial and Applied Mathematics},
  year         = 1986,
  series       = {CBMS-NSF regional conference series in applied mathematics},
  url          = {http://opac.inria.fr/record=b1086067},
  isbn         = {0-89871-203-3},
} 
 
@inproceedings{COCO:Regev10,
  author       = {Oded Regev},
  title        = {The Learning with Errors Problem (Invited Survey)},
  booktitle    = {IEEE Conference on Computational Complexity},
  year         = 2010,
  pages        = {191-204},
  ee           = {http://doi.ieeecomputersociety.org/10.1109/CCC.2010.26},
  crossref     = {COCO10},
}
@proceedings{COCO10,
  title        = {Proceedings of the 25th Annual IEEE Conference on Computational Complexity, CCC 2010, Cambridge, Massachusetts, June 9-12, 2010},
  year         = 2010,
  booktitle    = {IEEE Conference on Computational Complexity},
  publisher    = {IEEE Computer Society},
  isbn         = {978-0-7695-4060-3},
}

@phdthesis{PhD:Gentry09,
  author       = {Craig Gentry},
  title        = {A fully homomorphic encryption scheme},
  school       = {Stanford University},
  year         = 2009,
  note         = {\url{crypto.stanford.edu/craig}},
}

@phdthesis{PhD:Ducas-Binda13,
  author       = {Léo Ducas-Binda},
  title        = {Signatures Fondées sur les Réseaux Euclidiens: Attaques, Analyses et Optimisations},
  school       = {École Normale Supérieure Paris},
  year         = 2013,
  note         = {\url{http://cseweb.ucsd.edu/~lducas/Thesis/index.html}},
}

@inproceedings{ICS:GKPV10,
  author       = {Shafi Goldwasser and Yael Tauman Kalai and Chris Peikert and Vinod Vaikuntanathan},
  title        = {Robustness of the Learning with Errors Assumption},
  booktitle    = {ICS},
  year         = 2010,
  editor       = {Andrew Chi-Chih Yao},
  pages        = {230-240},
  publisher    = {Tsinghua University Press},
  ee           = {http://conference.itcs.tsinghua.edu.cn/ICS2010/content/papers/19.html},
  isbn         = {978-7-302-21752-7},
  bibsource    = {DBLP, http://dblp.uni-trier.de},
}

@article{SiamComp:PeiWat11,
  author       = {Chris Peikert and Brent Waters},
  title        = {Lossy Trapdoor Functions and Their Applications},
  journal      = {SIAM J. Comput.},
  year         = 2011,
  volume       = 40,
  number       = 6,
  pages        = {1803-1844},
  ee           = {http://dx.doi.org/10.1137/080733954},
  bibsource    = {DBLP, http://dblp.uni-trier.de},
}

@manual{sagemath,
  title        = {{Sage} {M}athematics {S}oftware Version 6.3},
  author       = {William Stein and others},
  organization = {The Sage~Development Team},
  year         = 2014,
  note         = {\url{http://www.sagemath.org}},
  institution  = {The SAGE Group},
}

@manual{fplll,
  title        = {fpLLL 4.0.4},
  author       = {David Cadé and Xavier Pujol and Damien Stehlé},
  year         = 2013,
  note         = {\url{http://perso.ens-lyon.fr/damien.stehle/fplll/}},
}

@unpublished{fplll-next,
  author       = {Martin Albrecht and David Cad{\'e} and Xavier Pujol and Damien Stehl{\'e}},
  title        = {{fplll}, development version},
  note         = {Available at \url{https://github.com/dstehle/fplll}},
  year         = 2014,
}



@misc{FLINT,
  author       = {William Hart and Fredrik Johansson and Sebastian Pancratz},
  title        = {{FLINT}: {F}ast {L}ibrary for {N}umber {T}heory},
  year         = 2014,
  note         = {Version 2.4.4, \url{http://flintlib.org}},
}


@misc{BB:Alb13,
  author       = {Martin Albrecht},
  title        = {{BKW-LWE}},
  year         = 2013,
  note         = {\url{https://bitbucket.org/malb/bkw-lwe/}},
}

@misc{BB:AFCGS13,
  author       = {Martin R.~Albrecht and Robert Fitzpatrick and Daniel Cabracas and Florian Göpfert and Michael Schneider},
  title        = {A Generator for {LWE} and {Ring-LWE} Instances},
  year         = 2013,
  note         = {available at \url{http://www.iacr.org/news/files/2013-04-29lwe-generator.pdf}},
}


@article{ArXiv12:LuzSteLin,
  author       = {Cong Ling and Shuiyin Liu and Laura Luzzi and Damien Stehl{\'{e}}},
  title        = {Decoding by Embedding: Correct Decoding Radius and {DMT} Optimality},
  journal      = {CoRR},
  year         = 2011,
  volume       = {abs/1102.2936},
  url          = {http://arxiv.org/abs/1102.2936},
  timestamp    = {Mon, 10 Nov 2014 11:34:09 +0100},
  biburl       = {http://dblp.uni-trier.de/rec/bib/journals/corr/abs-1102-2936},
  bibsource    = {dblp computer science bibliography, http://dblp.org},
}


@article{C:GenHalSma12FULL,
  author       = {Craig Gentry and Shai Halevi and Nigel P. Smart},
  title        = {Homomorphic Evaluation of the {AES} Circuit},
  journal      = {{IACR} Cryptology ePrint Archive},
  year         = 2012,
  volume       = 2012,
  pages        = 99,
  url          = {http://eprint.iacr.org/2012/099},
  timestamp    = {Mon, 10 Nov 2014 16:33:21 +0100},
  biburl       = {http://dblp.uni-trier.de/rec/bib/journals/iacr/GentryHS12},
  bibsource    = {dblp computer science bibliography, http://dblp.org},
}

@article{JACM:Regev09,
  author       = {Oded Regev},
  title        = {On lattices, learning with errors, random linear codes, and cryptography},
  journal      = {J. {ACM}},
  year         = 2009,
  volume       = 56,
  number       = 6,
  url          = {http://doi.acm.org/10.1145/1568318.1568324},
  doi          = {10.1145/1568318.1568324},
  timestamp    = {Fri, 04 Sep 2009 12:36:07 +0200},
  biburl       = {http://dblp.uni-trier.de/rec/bib/journals/jacm/Regev09},
  bibsource    = {dblp computer science bibliography, http://dblp.org},
}

@article{JMC:AlbPlaSco15,
  author       = {Albrecht, Martin R and Player, Rachel and Scott, Sam},
  title        = {On the concrete hardness of {L}earning with {E}rrors},
  journal      = {Journal of Mathematical Cryptology},
  year         = 2015,
  volume       = 9,
  number       = 3,
  pages        = {169-203},
}
