@book{cox-little-oshea:2007,
  title = {{I}deals, {V}arieties, and {A}lgorithms},
  publisher = {Springer Verlag},
  year = {2007},
  author = {David Cox and John Little and Donal O'Shea},
  address = {Berlin, Heidelberg, New York},
}

@book{becker-weispfenning:1991,
  title = {{Gr{\"o}bner Bases -- A Computational Approach to Commutative Algebra}},
  publisher = {Springer Verlag},
  year = {1991},
  author = {Thomas Becker and Volker Weispfenning},
  address = {Berlin, Heidelberg, New York},
}

@techreport{faugere-ars:inria2004,
  author = {Jean-Charles Faug{\`e}re and Gw{\'e}nol{\'e} Ars},
  title = {Comparison of {XL} and {G}r{\"o}bner basis algorithms over Finite Fields},
  institution = {Institut National de Recherche en Informatique et en Automatique (INRIA)},
  year = 2004,
  number = 5251,
}

@article{faugere-gianni-lazard-mora:joc1993,
  author = {Jean-Charles Faug{\`e}re and Patrizia M. Gianni and Daniel Lazard and Teo Mora},
  title = {Efficient Computation of Zero-Dimensional {G}r{\"o}bner {B}ases by\\Change of Ordering},
  journal = {Journal of Symbolic Computation},
  volume = 16,
  publisher = {Academic Press},
  year = 1993,
  pages = {329-344},
}
