@inproceedings{DBLP:conf/fse/BouraCC11,
  author    = {Christina Boura and
               Anne Canteaut and
               Christophe De Canni{\`e}re},
  title     = {Higher-Order Differential Properties of {K}eccak and {L}uffa},
  booktitle = {Fast Software Encryption (FSE)},
  year      = {2011},
  pages     = {252--269},
  publisher = {Springer},
  series    = {LNCS},
  volume    = {6733},
}

@misc{cryptoeprint:2014:039,
    author = {Yark{\i}n Dor\"{o}z and Yin Hu and Berk Sunar},
    title = {Homomorphic {AES} Evaluation using {NTRU}},
    howpublished = {Cryptology ePrint Archive, Report 2014/039},
    year = {2014},
    note = {\url{http://eprint.iacr.org/2014/039}},
}

@misc{cryptoeprint:2014:233,
    author = {Yark{\i}n Dor\"{o}z and Aria Shahverdi and Thomas Eisenbarth and Berk Sunar},
    title = {Toward Practical Homomorphic Evaluation of Block Ciphers Using {Prince}},
    howpublished = {Cryptology ePrint Archive, Report 2014/233},
    year = {2014},
    note = {\url{http://eprint.iacr.org/2014/233}, presented at Workshop on Applied Homomorphic Cryptography and Encrypted Computing (WAHC'14)},
}

@inproceedings{DBLP:conf/crypto/GentryHS12,
  author    = {Craig Gentry and
               Shai Halevi and
               Nigel P. Smart},
  title     = {Homomorphic Evaluation of the {AES} Circuit},
  booktitle = {Advances in Cryptology -- CRYPTO},
  year      = {2012},
  pages     = {850--867},
  publisher = {Springer},
  series    = {LNCS},
  volume    = {7417},
}

@misc{cryptoeprint:2012:099,
    author = {Craig Gentry and Shai Halevi and Nigel P. Smart},
    title = {Homomorphic Evaluation of the AES Circuit},
    howpublished = {Cryptology ePrint Archive, Report 2012/099},
    year = {2012},
    note = {\url{http://eprint.iacr.org/}},
}

@incollection{mella-susella:ima2013,
	year      = 2013,
	booktitle = {Cryptography and Coding},
	volume    = 8308,
	series    = {LNCS},
	editor    = {Stam, Martijn},
    title     = {On the Homomorphic Computation of Symmetric Cryptographic Primitives},
    publisher = {Springer Berlin Heidelberg},
    author={Mella, Silvia and Susella, Ruggero},
    pages={28-44}
}


